<?xml version="1.0" encoding="UTF-8"?><collection xmlns="http://www.loc.gov/MARC21/slim"><record><leader>00455nam--2200181-i-4500</leader><controlfield tag="001">000035905</controlfield><controlfield tag="002">20161230</controlfield><controlfield tag="005">20161230201040</controlfield><controlfield tag="008">060222s1000------------r-----000-0-FRE-d</controlfield><datafield ind1=" " ind2=" " tag="040"><subfield code="a">IFIN-HH</subfield></datafield><datafield ind1=" " ind2=" " tag="041"><subfield code="a">FRE</subfield></datafield><datafield ind1=" " ind2=" " tag="080"><subfield code="a">519.271</subfield></datafield><datafield ind1="1" ind2=" " tag="100"><subfield code="a">Onicescu, Octav</subfield></datafield><datafield ind1="1" ind2="0" tag="245"><subfield code="a">Nombres et systemes aleatoires</subfield><subfield code="c">Octav onicescu</subfield></datafield><datafield ind1=" " ind2=" " tag="260"><subfield code="a">Bucarest, Ed.De L`Acad.De La Rpr, 1964,</subfield></datafield><datafield ind1=" " ind2=" " tag="300"><subfield code="a">280P</subfield></datafield><datafield ind1=" " ind2=" " tag="852"><subfield code="a">9704</subfield><subfield code="c">519.2</subfield></datafield><datafield ind1=" " ind2=" " tag="CAT"><subfield code="a">Sys</subfield><subfield code="c">20100517</subfield><subfield code="h">103051</subfield></datafield></record></collection>